% Experimental Apparatus
@article{Marcastel:1621583,
      author        = "Marcastel, Fabienne",
      title         = "{CERN's Accelerator Complex. La cha\^ine des acc\'el\'erateurs du CERN}",
      journal       = "General Photo",
      month         = "Oct",
      year          = "2013",
      reportNumber  = "OPEN-PHO-CHART-2013-001",
      url           = "https://cds.cern.ch/record/1621583",
}

@article{parton_lumi,
      author        = "Stirling, W. J.",
      title         = "{$13/8~\TeV$ LHC luminosity ratios}",
      journal       = "{Private Communication}",
      year          = "2013",
      url           = "http://www.hep.ph.ic.ac.uk/\~wstirlin/plots/plots.html",
}

@incollection{10.1088/978-1-6817-4078-2ch4,
      author        = "Castillo, Luis Roberto Flores",
      title         = "{The ATLAS and CMS detectors}",
      booktitle     = {The Search and Discovery of the Higgs Boson},
      publisher     = {Morgan \& Claypool Publishers},
      year          = {2015},
      series        = {2053-2571},
      type          = {Book Chapter},
      pages         = {4-1 to 4-8},
      url           = {http://dx.doi.org/10.1088/978-1-6817-4078-2ch4},
      doi           = {10.1088/978-1-6817-4078-2ch4},
      isbn          = {978-1-6817-4078-2},
}

@article{Schott:1699952,
      author        = "Schott, Matthias and Dunford, Monica",
      title         = "{Review of single vector boson production in pp collisions
                       at $\sqrt{s} = 7~\TeV$. }",
      journal       = "Eur. Phys. J. C",
      number        = "arXiv:1405.1160",
      volume        = "74",
      pages         = "60 p",
      month         = "May",
      year          = "2014",
      reportNumber  = "arXiv:1405.1160",
      url           = "http://cds.cern.ch/record/1699952",
}

@mastersthesis{Lenzi:2013xpa,
      author         = "Lenzi, Thomas",
      title          = "{Development and Study of Different Muon Track
                        Reconstruction Algorithms for the Level-1 Trigger for the
                        CMS Muon Upgrade with GEM Detectors}",
      school         = "U. Brussels",
      year           = "2013",
      url            = "http://inspirehep.net/record/1236817/files/arXiv:1306.0858.pdf",
      eprint         = "1306.0858",
      archivePrefix  = "arXiv",
      primaryClass   = "physics.ins-det",
      reportNumber   = "CERN-THESIS-2013-042",
      SLACcitation   = "%%CITATION = ARXIV:1306.0858;%%"
}

@phdthesis{Isildak:2013kfa,
      author         = "Isildak, Bora",
      title          = "{Measurement of the differential dijet production cross
                        section in proton-proton collisions at $\sqrt{s} = 7~\TeV$}",
      school         = "Bogazici U.",
      year           = "2011",
      url            = "http://inspirehep.net/record/1251416/files/arXiv:1308.6064.pdf",
      eprint         = "1308.6064",
      archivePrefix  = "arXiv",
      primaryClass   = "hep-ex",
      SLACcitation   = "%%CITATION = ARXIV:1308.6064;%%"
}

@article{1748-0221-5-03-T03014,
      author         = "{CMS Collaboration}",
      title          = {Identification and filtering of uncharacteristic noise in the CMS hadron calorimeter},
      journal        = {Journal of Instrumentation},
      volume         = {5},
      number         = {03},
      pages          = {T03014},
      url            = {http://stacks.iop.org/1748-0221/5/i=03/a=T03014},
      year           = {2010},
}

@article{1748-0221-8-04-P04005,
      author         = {Paolucci, P and others},
      title          = "{CMS Resistive Plate Chamber overview, from the present system to the upgrade phase I}",
      journal        = {Journal of Instrumentation},
      volume         = {8},
      number         = {04},
      pages          = {P04005},
      url            = {http://stacks.iop.org/1748-0221/8/i=04/a=P04005},
      year           = {2013},
}

@article{1748-0221-3-08-S08004,
      author         = "{CMS Collaboration}",
      title          = {The CMS experiment at the CERN LHC},
      journal        = {Journal of Instrumentation},
      volume         = {3},
      number         = {08},
      pages          = {S08004},
      url            = {http://stacks.iop.org/1748-0221/3/i=08/a=S08004},
      year           = {2008},
}